<?xml version="1.0" encoding="UTF-8"?><collection xmlns="http://www.loc.gov/MARC21/slim"><record><leader>00466nam--2200145-i-4500</leader><controlfield tag="001">000009610</controlfield><controlfield tag="002">20161230</controlfield><controlfield tag="005">20170306181742</controlfield><controlfield tag="008">060222s1000------------r-----000-0-eng-d</controlfield><datafield ind1=" " ind2=" " tag="100"><subfield code="a">Mauduit, Yves De</subfield></datafield><datafield ind1=" " ind2=" " tag="245"><subfield code="a">Etude physico-chimique du binaire dioxyde- trioxyde de soufre et de ses associations moleculaires. These</subfield></datafield><datafield ind1=" " ind2=" " tag="260"><subfield code="a">Toulouse</subfield><subfield code="b">Faculte Des Sciences De L Universite De Toulouse</subfield><subfield code="c">1969</subfield></datafield><datafield ind1=" " ind2=" " tag="300"><subfield code="a">117 p</subfield></datafield><datafield ind1=" " ind2=" " tag="852"><subfield code="a">541.1</subfield></datafield><datafield ind1=" " ind2=" " tag="CAT"><subfield code="a">SYS</subfield><subfield code="c">20170306</subfield><subfield code="h">181742</subfield></datafield></record></collection>